% Encoding: UTF-8
@phdthesis{vinatier2010dynamique,
  title={Dynamique spatiale du charan{\c{c}}on du bananier en interaction avec le syst{\`e}me de culture et l'organisation paysag{\`e}re},
  author={Vinatier, Fabrice},
  year={2010},
  school={AgroParisTech}
}
@article{winkler2007spread,
	title={Spread of an ant-dispersed annual herb: An individual-based simulation study on population development of Melampyrum pratense L.},
	author={Winkler, Eckart and Heinken, Thilo},
	journal={Ecological modelling},
	volume={203},
	number={3-4},
	pages={424--438},
	year={2007},
	publisher={Elsevier}
}
@book{grimm2013individual,
	title={Individual-based modeling and ecology},
	author={Grimm, Volker and Railsback, Steven F},
	year={2013},
	publisher={Princeton university press}
}
@article{vinatier2009cosmos,
	title={COSMOS, a spatially explicit model to simulate the epidemiology of Cosmopolites sordidus in banana fields},
	author={Vinatier, Fabrice and Tixier, Philippe and Le Page, Christophe and Duyck, Pierre-Fran{\c{c}}ois and Lescourret, Fran{\c{c}}oise},
	journal={Ecological Modelling},
	volume={220},
	number={18},
	pages={2244--2254},
	year={2009},
	publisher={Elsevier}
}
@article{collard2018spatial,
	title={Spatial organisation of habitats in agricultural plots affects per-capita predator effect on conservation biological control: An individual based modelling study},
	author={Collard, Blanche and Tixier, Philippe and Carval, Dominique and Lavigne, Claire and Delattre, Thomas},
	journal={Ecological Modelling},
	volume={388},
	pages={124--135},
	year={2018},
	publisher={Elsevier}
}
@phdthesis{dassou2014effet,
	title={Effet de la diversit{\'e} des cultures sur les r{\'e}seaux trophiques des arthropodes et la r{\'e}gulation du charan{\c{c}}on du bananier par les pr{\'e}dateurs g{\'e}n{\'e}ralistes dans les syst{\`e}mes pluri-sp{\'e}cifiques {\`a} base de plantain},
	author={Dassou, Anicet Gb{\`e}blonoudo},
	year={2014},
	school={Montpellier SupAgro}
}
@article{dassou2016response,
	title={Response of pest control by generalist predators to local-scale plant diversity: a meta-analysis},
	author={Dassou, Anicet Gbeblonoudo and Tixier, Philippe},
	journal={Ecology and evolution},
	volume={6},
	number={4},
	pages={1143--1153},
	year={2016},
	publisher={Wiley Online Library}
}
@article{holt1977predation,
	title={Predation, apparent competition, and the structure of prey communities},
	author={Holt, Robert D},
	journal={Theoretical population biology},
	volume={12},
	number={2},
	pages={197--229},
	year={1977},
	publisher={Elsevier}
}
@article{watson2015exploring,
	title={Exploring the role of movement in determining the global distribution of marine biomass using a coupled hydrodynamic--size-based ecosystem model},
	author={Watson, James R and Stock, Charles A and Sarmiento, Jorge L},
	journal={Progress in Oceanography},
	volume={138},
	pages={521--532},
	year={2015},
	publisher={Elsevier}
}
@article{okubo1980diffusion,
	title={Diffusion and ecological problems: mathematical models},
	author={Okubo, Akira and others},
	year={1980}
}
@article{corbett1993role,
	title={Role of movement in the response of natural enemies to agroecosystem diversification: a theoretical evaluation},
	author={Corbett, Andrew and Plant, Richard E},
	journal={Environmental Entomology},
	volume={22},
	number={3},
	pages={519--531},
	year={1993},
	publisher={Oxford University Press Oxford, UK}
}
@article{vinatier2013explaining,
	title={Explaining host--parasitoid interactions at the landscape scale: a new approach for calibration and sensitivity analysis of complex spatio-temporal models},
	author={Vinatier, Fabrice and Gosme, Marie and Valantin-Morison, Muriel},
	journal={Landscape ecology},
	volume={28},
	number={2},
	pages={217--231},
	year={2013},
	publisher={Springer}
}
@article{fachada2015towards,
	title={Towards a standard model for research in agent-based modeling and simulation},
	author={Fachada, Nuno and Lopes, Vitor V and Martins, Rui C and Rosa, Agostinho C},
	journal={PeerJ Computer Science},
	volume={1},
	pages={e36},
	year={2015},
	publisher={PeerJ Inc.}
}
@article{tang2010agent,
	title={Agent-based modeling of animal movement: a review},
	author={Tang, Wenwu and Bennett, David A},
	journal={Geography Compass},
	volume={4},
	number={7},
	pages={682--700},
	year={2010},
	publisher={Wiley Online Library}
}
@incollection{deangelis1994individual,
	title={Individual-oriented approaches to modeling ecological populations and communities},
	author={DeAngelis, DL and Rose, KA and Huston, MA},
	booktitle={Frontiers in mathematical biology},
	pages={390--410},
	year={1994},
	publisher={Springer}
}
@article{vilardebo1974chlordecone,
	title={Chlord{\'e}cone et autres insecticides dans la lutte contre le charan{\c{c}}on du bananier Cosmopolites sordidus GERM},
	author={Vilardebo, Anselme and Beugnon, M and Melin, Philippe and Lecoq, J and Aubert, Bernard and others},
	journal={Fruits},
	volume={29},
	number={4},
	pages={267--278},
	year={1974}
}
@article{parry2006aphid,
	title={Aphid population response to agricultural landscape change: a spatially explicit, individual-based model},
	author={Parry, Hazel R and Evans, Andrew J and Morgan, Derek},
	journal={Ecological Modelling},
	volume={199},
	number={4},
	pages={451--463},
	year={2006},
	publisher={Elsevier}
}
@article{arrignon2007modelling,
	title={Modelling the overwintering strategy of a beneficial insect in a heterogeneous landscape using a multi-agent system},
	author={Arrignon, Florent and Deconchat, Marc and Sarthou, Jean-Pierre and Balent, G{\'e}rard and Monteil, Claude},
	journal={Ecological Modelling},
	volume={205},
	number={3-4},
	pages={423--436},
	year={2007},
	publisher={Elsevier}
}
@article{morris1991factorial,
	title={Factorial sampling plans for preliminary computational experiments},
	author={Morris, Max D},
	journal={Technometrics},
	volume={33},
	number={2},
	pages={161--174},
	year={1991},
	publisher={Taylor \& Francis}
}
@article{gold2001biology,
	title={Biology and integrated pest management for the banana weevil Cosmopolites sordidus (Germar)(Coleoptera: Curculionidae)},
	author={Gold, Clifford S and Pena, Jorge E and Karamura, Eldad B},
	journal={Integrated Pest Management Reviews},
	volume={6},
	number={2},
	pages={79--155},
	year={2001},
	publisher={Springer}
}
@incollection{morris2017insect,
	title={How insect herbivores find suitable host plants: the interplay between random and nonrandom movement},
	author={Morris, William F and Kareiva, Peter M},
	booktitle={Insect-plant interactions},
	pages={175--208},
	year={2017},
	publisher={CRC Press}
}
@article{delatre1980insect,
	title={Recherche d’une méthode d’estimation des populations du
	charanc¸ on du bananier, Cosmopolites sordidus Germar (Col., Curculionidae)},
	author={Delattre, P},
	journal={Acta Oecologica},
	pages={83–-92},
	year={1980},
	publisher={Oecologica Applicata}
}
@incollection{adjovi2006localisation,
	title={Monographie de la commune de Toffo},
	author={Adjovi,  N.  R.  A. },
	year={2006},
	pages={43}
}
@article{wilby2002natural,
	title={Natural enemy diversity and pest control: patterns of pest emergence with agricultural intensification},
	author={Wilby, Andrew and Thomas, Matthew B},
	journal={Ecology Letters},
	volume={5},
	number={3},
	pages={353--360},
	year={2002},
	publisher={Wiley Online Library}
}
@article{gurr2003multi,
	title={Multi-function agricultural biodiversity: pest management and other benefits},
	author={Gurr, Geoff M and Wratten, Stephen D and Luna, John Michael},
	journal={Basic and Applied Ecology},
	volume={4},
	number={2},
	pages={107--116},
	year={2003},
	publisher={Elsevier}
}
@book{fiedler2008special,
	title={Special matrices and their applications in numerical mathematics},
	author={Fiedler, Miroslav},
	year={2008},
	publisher={Courier Corporation}
}
@book{fao2002biodiversity,
	title={La biodiversité pour la préservation des fonctions des agrosystèmes},
	author={FAO},
	year={2002},
	publisher={www.fao.org/biodiversity}
}
@article{pynoo2011predicting,
	title={Predicting secondary school teachers’ acceptance and use of a digital learning environment: A cross-sectional study},
	author={Pynoo, Bram and Devolder, Pieter and Tondeur, Jo and Van Braak, Johan and Duyck, Wouter and Duyck, Philippe},
	journal={Computers in Human behavior},
	volume={27},
	number={1},
	pages={568--575},
	year={2011},
	publisher={Elsevier}
}
@book{jean2011changements,
	title={Changements dans les milieux humides du fleuve Saint-Laurent de 1970 {\`a} 2002},
	author={Jean, Martin and L{\'e}tourneau, Guy},
	year={2011},
	publisher={Environnement Canada, Direction g{\'e}n{\'e}rale des sciences et de la technologie~…}
}
@article{mitchell2002effects,
	title={Effects of grassland plant species diversity, abundance, and composition on foliar fungal disease},
	author={Mitchell, Charles E and Tilman, David and Groth, James V},
	journal={Ecology},
	volume={83},
	number={6},
	pages={1713--1726},
	year={2002},
	publisher={Wiley Online Library}
}
@book{lay2017dognon,
	title={Rôle des pratiques culturales et de la composition du paysage dans l’amélioration de la régulation naturelle du charançon  du bananier Cosmopolites sordidus par les prédateurs généralistes dans la commune de Toffo au Sud du Bénin.
	},
	author={Lay Dognon Gaston},
	year={2017}
}
@book{mille2006insect,
	title={La lutte contre le Charançon du Bananier, Cosmopolites sordidus (Germar). Protection phytosanitaire des cultures fruitières en Nouvelle-Calédonie. Fiche 3.7},
	author={Mille, C, and Cazères},
	year={2006}
}
@article{duyck2011addition,
	title={Addition of a new resource in agroecosystems: Do cover crops alter the trophic positions of generalist predators?},
	author={Duyck, Pierre-Fran{\c{c}}ois and Lavigne, Ana{\"\i}s and Vinatier, Fabrice and Achard, Rapha{\"e}l and Okolle, Justin N and Tixier, Philippe},
	journal={Basic and Applied Ecology},
	volume={12},
	number={1},
	pages={47--55},
	year={2011},
	publisher={Elsevier}
}
@article{ganry2004diversite,
	title={Diversit{\'e} sp{\'e}cifique des peuplements v{\'e}g{\'e}taux {\`a} l'{\'e}chelle du bassin versant et contr{\^o}le des parasites des cultures: l'exemple de la culture banani{\`e}re aux Antilles fran{\c{c}}aises},
	author={Ganry, Jacky},
	journal={Comptes Rendus Biologies},
	volume={327},
	number={7},
	pages={621--627},
	year={2004},
	publisher={Elsevier}
}
@book{lassoudiere2010histoire,
	title={L'histoire du bananier},
	author={Lassoudi{\`e}re, Andr{\'e}},
	year={2010},
	publisher={Editions Quae}
}
@article{raemaekers2001agriculture,
	title={Agriculture en Afrique tropicale},
	author={Raemaekers, Romain H and others},
	year={2001},
	publisher={Brussels (Belgium) DGIC}
}
@book{daniells2001musalogue,
	title={Musalogue: a catalogue of Musa germplasm: diversity in the genus Musa},
	author={Daniells, Jeff},
	year={2001},
	publisher={Bioversity International}
}
@article{mindzie2001first,
	title={First archaeological evidence of banana cultivation in central Africa during the third millennium before present},
	author={Mindzie, Christophe Mbida and Doutrelepont, Hughes and Vrydaghs, Luc and Swennen, Rony L and Swennen, Rudy J and Beeckman, Hans and De Langhe, Edmond and De Maret, Pierre},
	journal={Vegetation History and Archaeobotany},
	volume={10},
	number={1},
	pages={1--6},
	year={2001},
	publisher={Springer}
}
@book{lassoudiere2007bananier,
	title={Le bananier et sa culture},
	author={Lassoudi{\`e}re, Andr{\'e}},
	year={2007},
	publisher={Editions Quae}
}
@article{champion1967notes,
	title={Notes et documents sur les bananiers et leur culture. Tome 1, Botanique et g{\'e}n{\'e}tique des bananiers},
	author={Champion, J},
	journal={Institut Fran{\c{c}}aise de Recherches Fruiti{\`e}res Outre-Mer (IFAC). SETCO, Paris},
	year={1967}
}
@article{gowen1990nematode,
	title={Nematode parasites of bananas, plantains and Abaca.},
	author={Gowen, Simon and Qu{\'e}n{\'e}herv{\'e}, Patrick and others},
	journal={Plant parasitic nematodes in subtropical and tropical agriculture.},
	pages={431--460},
	year={1990},
	publisher={CAB International}
}
@article{lavee1996aggregate,
	title={Aggregate stability dynamics as affected by soil temperature and moisture regimes},
	author={Lavee, Hi and Sarah, P and Imeson, AC},
	journal={Geografiska Annaler: Series A, Physical Geography},
	volume={78},
	number={1},
	pages={73--82},
	year={1996},
	publisher={Taylor \& Francis}
}
@book{sarh1996nematode,
	title={ Nématode parasite des bananiers Radopholus similis Cobb. Parasites et ravageurs Musa: fiche technique \No 1. INIBAP, Montpellier, Francia},
	author={Sarah J.L., J. Pinochet and J. Stanton},
	year={1996}
}
@book{bridge1997nematode,
	title={ Les nématodes parasites des bananiers: Pratylenchus coffeae. Parasites et ravageurs des Musa: fiche technique \No 2. INIBAP, Montpellier, France.},
	author={Bridge J., R. Fogain and P. Speijer},
	year={1997}
}
@article{mcsorley1986nematological,
	title={Nematological reviews: Helicotylenchus multicinctus on bananas: an international problem},
	author={McSorley, R and Parrado, JL},
	journal={Nematropica},
	pages={73--91},
	year={1986}
}
@book{fao1996insecte,
	title={Le programme spécial pour la sécurité alimentaire},
	author={FAO},
	year={1996},
	publisher={www.fao.org/}
}
@article{rhino2010effect,
	title={Effect of fallows on population dynamics of Cosmopolites sordidus: toward integrated management of banana fields with pheromone mass trapping},
	author={Rhino, B{\'e}atrice and Dorel, Marc and Tixier, Philippe and Ris{\`e}de, Jean-Michel},
	journal={Agricultural and Forest Entomology},
	volume={12},
	number={2},
	pages={195--202},
	year={2010},
	publisher={Wiley Online Library}
}
@book{gold2000biology,
title={Charançon du bananier cosmospolites sordidus: Parasites et ravageurs de Musa. Fiche technique \No 4.},
author={Gold, C.S.,  and Messiaen S},
year={2000}
}
@article{abera2007composition,
	title={Composition, distribution, and relative abundance of ants in banana farming systems in Uganda},
	author={Abera-Kalibata, Agnes M and Gold, Clifford S and Van Driesche, Roy G and Ragama, Philip E},
	journal={Biological Control},
	volume={40},
	number={2},
	pages={168--178},
	year={2007},
	publisher={Elsevier}
}
@article{abera2008experimental,
	title={Experimental evaluation of the impacts of two ant species on banana weevil in Uganda},
	author={Abera-Kalibata, Agnes M and Gold, Clifford S and Van Driesche, Roy},
	journal={Biological Control},
	volume={46},
	number={2},
	pages={147--157},
	year={2008},
	publisher={Elsevier}
}
@article{schelling1969models,
	title={Models of segregation},
	author={Schelling, Thomas C},
	journal={The American Economic Review},
	volume={59},
	number={2},
	pages={488--493},
	year={1969},
	publisher={JSTOR}
}
@article{tixier2008simba,
	title={SIMBA, a model for designing sustainable banana-based cropping systems},
	author={Tixier, Philippe and Mal{\'e}zieux, Eric and Dorel, Marc and Wery, Jacques},
	journal={Agricultural Systems},
	volume={97},
	number={3},
	pages={139--150},
	year={2008},
	publisher={Elsevier}
}
@article{tixier2004simba,
	title={SIMBA-POP: a cohort population model for long-term simulation of banana crop harvest},
	author={Tixier, Philippe and Mal{\'e}zieux, Eric and Dorel, Marc},
	journal={Ecological Modelling},
	volume={180},
	number={2-3},
	pages={407--417},
	year={2004},
	publisher={Elsevier}
}
@inproceedings{ricci2017cartes,
	title={Les cartes de pr{\'e}dation: retour d’exp{\'e}rience dans le projet SEBIOPAG},
	author={Ricci, Benoit and Petit, Sandrine and Biju-Duval, Luc and Alignier, Audrey and Aviron, St{\'e}phanie and Bouvier, Jean-Charles and Bretagnolles, Vincent and Plantegenest, Manuel and Vialatte, Aude and Lavigne, C and others},
	booktitle={S{\'e}minaire" Ecologisation des syst{\`e}mes de productions agricoles pour renforcer le contr{\^o}le biologique des bioagresseurs"},
	year={2017}
}
@article{mollot2012new,
	title={New primary resource increases predation on a pest in a banana agroecosystem},
	author={Mollot, Gregory and Tixier, Philippe and Lescourret, Fran{\c{c}}oise and Quilici, Serge and Duyck, Pierre-Fran{\c{c}}ois},
	journal={Agricultural and forest entomology},
	volume={14},
	number={3},
	pages={317--323},
	year={2012},
	publisher={Blackwell Publishing Ltd Oxford, UK}
}
@book{zuur2009mixed,
	title={Mixed effects models and extensions in ecology with R},
	author={Zuur, Alain F and Ieno, Elena N and Walker, Neil J and Saveliev, Anatoly A and Smith, Graham M and others},
	volume={574},
	year={2009},
	publisher={Springer}
}
@Manual{rcitation,
	title = {R: A Language and Environment for Statistical Computing},
	author = {{R Core Team}},
	organization = {R Foundation for Statistical Computing},
	address = {Vienna, Austria},
	year = {2021},
	url = {https://www.R-project.org/},
}
  @Article{lme4,
	title = {Fitting Linear Mixed-Effects Models Using {lme4}},
	author = {Douglas Bates and Martin M{\"a}chler and Ben Bolker and Steve Walker},
	journal = {Journal of Statistical Software},
	year = {2015},
	volume = {67},
	number = {1},
	pages = {1--48},
	doi = {10.18637/jss.v067.i01},
}
 @Manual{sjplot,
	title = {sjPlot: Data Visualization for Statistics in Social Science},
	author = {Daniel Lüdecke},
	year = {2021},
	note = {R package version 2.8.9},
	url = {https://CRAN.R-project.org/package=sjPlot},
}
 @Manual{emmeans,
	title = {emmeans: Estimated Marginal Means, aka Least-Squares Means},
	author = {Russell V. Lenth},
	year = {2021},
	note = {R package version 1.6.3},
	url = {https://CRAN.R-project.org/package=emmeans},
}
@inproceedings{tisue2004netlogo,
	title={Netlogo: A simple environment for modeling complexity},
	author={Tisue, Seth and Wilensky, Uri},
	booktitle={International conference on complex systems},
	volume={21},
	pages={16--21},
	year={2004},
	organization={Boston, MA}
}
@article{grimm2010odd,
	title={The ODD protocol: a review and first update},
	author={Grimm, Volker and Berger, Uta and DeAngelis, Donald L and Polhill, J Gary and Giske, Jarl and Railsback, Steven F},
	journal={Ecological modelling},
	volume={221},
	number={23},
	pages={2760--2768},
	year={2010},
	publisher={Elsevier}
}
@phdthesis{abera1997oviposition,
	title={Oviposition preferences and timing of Attack by the Banana Weevil (Cosmopolites sordidus, Germar) in East African Highland Banana (Musa spp.)},
	author={Abera-Kalibata, AM},
	year={1997},
	school={Masters thesis, Makerere University}
}
@book{cuille1950recherches,
	title={Recherches sur le charan{\c{c}}on du bananier," Cosmopolites sordidus"(Germ.): monographie de l'insecte et recherches de ses chimiotropismes. Pr{\'e}face du Prof. P.-P.[Pierre-P.] Grass{\'e}...},
	author={Cuill{\'e}, Jean},
	year={1950},
	publisher={Soci{\'e}t{\'e} d'{\'e}ditions techniques coloniales}
}
@article{koppenhofer1993observations,
	title={Observations on egg-laying behaviour of the banana weevil, Cosmopolites sordidus (Germar)},
	author={Koppenh{\"o}fer, AM},
	journal={Entomologia Experimentalis et Applicata},
	volume={68},
	number={2},
	pages={187--192},
	year={1993},
	publisher={Wiley Online Library}
}
@book{froggatt1926banana,
	title={The Banana Weevil Borer (Cosmopolites Sordida Chevr.)},
	author={Froggatt, John Lewis},
	year={1926},
	publisher={Department of Agriculture and Stock, Queensland. Division of Entomology and~…}
}
@book{davies2012introduction,
	title={An introduction to behavioural ecology},
	author={Davies, Nicholas B and Krebs, John R and West, Stuart A},
	year={2012},
	publisher={John Wiley \& Sons}
}
@article{thiele2014r,
	title={R marries NetLogo: introduction to the RNetLogo package},
	author={Thiele, Jan C},
	journal={Journal of Statistical Software},
	volume={58},
	number={2},
	pages={1--41},
	year={2014}
}
@article{thiele2012rnetlogo,
	title={RNetLogo: An R package for running and exploring individual-based models implemented in NetLogo},
	author={Thiele, Jan C and Kurth, Winfried and Grimm, Volker},
	journal={Methods in Ecology and Evolution},
	volume={3},
	number={3},
	pages={480--483},
	year={2012},
	publisher={Wiley Online Library}
}
@article{searle2005should,
	title={Should I stay or should I go? Patch departure decisions by herbivores at multiple scales},
	author={Searle, Kate R and Thompson Hobbs, N and Shipley, Lisa A},
	journal={Oikos},
	volume={111},
	number={3},
	pages={417--424},
	year={2005},
	publisher={Wiley Online Library}
}
@article{rabasa2005egg,
	title={Egg laying by a butterfly on a fragmented host plant: a multi-level approach},
	author={Rabasa, Sonia G and Guti{\'e}rrez, David and Escudero, Adri{\'a}n},
	journal={Ecography},
	volume={28},
	number={5},
	pages={629--639},
	year={2005},
	publisher={Wiley Online Library}
}
@article{hufker1999az,
	title={Ecological Entomology.},
	author={Huffaker, C. B., and A. P. Gutierrez},
	year={1999},
	publisher={New York, Wiley}
}
@article{chapman2007modelling,
	title={Modelling population redistribution in a leaf beetle: an evaluation of alternative dispersal functions},
	author={Chapman, Daniel S and Dytham, Calvin and Oxford, Geoff S},
	journal={Journal of Animal Ecology},
	volume={76},
	number={1},
	pages={36--44},
	year={2007},
	publisher={Wiley Online Library}
}
@article{coombs2007field,
	title={A field test of simple dispersal models as predictors of movement in a cohort of lake-dwelling brook charr},
	author={Coombs, Matthew F and Rodriguez, Marco A},
	journal={Journal of Animal Ecology},
	volume={76},
	number={1},
	pages={45--57},
	year={2007},
	publisher={Wiley Online Library}
}
@article{phillips2008reid,
	title={Reid’s paradox revisited: the evolution of dispersal kernels during range expansion},
	author={Phillips, Benjamin L and Brown, Gregory P and Travis, Justin MJ and Shine, Richard},
	journal={the american naturalist},
	volume={172},
	number={S1},
	pages={S34--S48},
	year={2008},
	publisher={The University of Chicago Press}
}
@article{bianchi2009foraging,
	title={Foraging behaviour of predators in heterogeneous landscapes: the role of perceptual ability and diet breadth},
	author={Bianchi, FJJ A and Schellhorn, NA and Van Der Werf, W},
	journal={Oikos},
	volume={118},
	number={9},
	pages={1363--1372},
	year={2009},
	publisher={Wiley Online Library}
}
@article{walters2006modelling,
	title={Modelling dispersal of a temperate insect in a changing climate},
	author={Walters, Richard J and Hassall, Mark and Telfer, Mark G and Hewitt, Godfrey M and Palutikof, Jean P},
	journal={Proceedings of the Royal Society B: Biological Sciences},
	volume={273},
	number={1597},
	pages={2017--2023},
	year={2006},
	publisher={The Royal Society London}
}
@article{schick2008understanding,
	title={Understanding movement data and movement processes: current and emerging directions},
	author={Schick, Robert S and Loarie, Scott R and Colchero, Fernando and Best, Benjamin D and Boustany, Andre and Conde, Dalia A and Halpin, Patrick N and Joppa, Lucas N and McClellan, Catherine M and Clark, James S},
	journal={Ecology letters},
	volume={11},
	number={12},
	pages={1338--1350},
	year={2008},
	publisher={Wiley Online Library}
}
@article{vinatier2010radiotelemetry,
	title={Radiotelemetry unravels movements of a walking insect species in heterogeneous environments},
	author={Vinatier, Fabrice and Chailleux, Ana{\"\i}s and Duyck, Pierre-Fran{\c{c}}ois and Salmon, Fr{\'e}d{\'e}ric and Lescourret, Fran{\c{c}}oise and Tixier, Philippe},
	journal={Animal behaviour},
	volume={80},
	number={2},
	pages={221--229},
	year={2010},
	publisher={Elsevier}
}
@article{hilker2006parameterizing,
	title={Parameterizing, evaluating and comparing metapopulation models with data from individual-based simulations},
	author={Hilker, Frank M and Hinsch, Martin and Poethke, Hans Joachim},
	journal={ecological modelling},
	volume={199},
	number={4},
	pages={476--485},
	year={2006},
	publisher={Elsevier}
}
@article{bousquet2001multiagent,
	title={Multiagent simulations of hunting wild meat in a village in eastern Cameroon},
	author={Bousquet, Fran{\c{c}}ois and Le Page, Christophe and Bakam, Innocent and Takforyan, Ani},
	journal={Ecological modelling},
	volume={138},
	number={1-3},
	pages={331--346},
	year={2001},
	publisher={Elsevier}
}
@incollection{perfecto1998deployment,
	title={Deployment of the predaceous ants and their conservation in agroecosystems},
	author={Perfecto, Ivette and Casti{\~n}eiras, Antonio},
	booktitle={Conservation biological control},
	pages={269--289},
	year={1998},
	publisher={Elsevier}
}
@article{treverrow1985banana,
	title={Banana weevil borer. Agfact H6. AE. 1},
	author={Treverrow, N},
	journal={New South Wales, Australia, Department of Agriculture},
	year={1985}
}
@article{dassou2015facteurs,
	title={Facteurs socioculturels et environnementaux d{\'e}terminant la connaissance ethnov{\'e}t{\'e}rinaire au B{\'e}nin},
	author={Dassou, Hospice G and Y{\'e}domonhan, Hounnankpon and Adomou, Aristide C and Ogni, Cl{\'e}ment A and Tossou, Monique G and Ako{\`e}gninou, Akpovi},
	journal={Afrique Science},
	volume={11},
	number={5},
	pages={335--360},
	year={2015}
}
@Manual{agricam2018,
title={Fiche technique : Culture du bananier plantain de manière intensive},
author={{Agriculture au Cameroun}},
year={2018},
url={https://www.agricultureaucameroun.net/fiche-technique-culture-du-bananier-plantain-de-maniere-intensive/}
}